
@incollection {Kseib2011,
author = {Kseib, N. and Urzay, J. and Iaccarino, G.},
title = {Statistical inference of uncertainties in elementary reaction rates of chemical mechanisms},
booktitle = {2011 Annual Research Briefs},
year = {},
editor = {},
pages = {161},
organization = {},
publisher = {Center for Turbulence Research},
address = {Stanford University},
month = {},
}

@incollection {Urzay2012,
author = {Urzay, J. and Kseib, N. and Constantine, P. G. and Davidson, D. F. and Iaccarino, G.},
title = {Uncertainty-quantifying models for chemical-kinetic rates},
booktitle = {2012 Annual Research Briefs},
year = {},
editor = {},
pages = {3},
organization = {},
publisher = {Center for Turbulence Research},
address = {Stanford University},
month = {},
}

@article{SheenWang2011,
	Author = {Sheen, D. A. and Wang, H.},
	Journal = {Combust.\ Flame},
	Pages = {2358--2374},
	Title = {The method of uncertainty quantification and minimization using polynomial chaos expansions},
	Volume = {158},
	Year = {2011}}
