%% Created using Papers on Fri, 19 Apr 2013.
%% http://mekentosj.com/papers/

@article{Wild:2011uh,
author = {Wild, S.M. and Shoemaker, C},
title = {{Global Convergence of Radial Basis Function Trust Region Derivative-Free Algorithms}},
journal = {SIAM Journal on Optimization},
year = {2011},
volume = {21},
pages = {761}
}

@article{Regis:2007,
author = {Regis, R.G. and Shoemaker, C.A.},
title = {{A Stochastic Radial Basis Function Method for the Global Optimization of Expensive Functions}},
journal = {INFORMS Journal on Computing},
year = {2007},
volume = {19},
number = {4},
pages = {497--509}
}

@article{Pau:2013vq,
author = {Pau, G.S.H. and Zhang, Y. and Finsterle, S.},
title = {Reduced order models for subsurface flow for many-query applications},
journal = {Computational Geosciences},
year = {2013},
note={To appear}
}

@article{Marrel:2009cp,
author = {Marrel, A. and Iooss, B. and Laurent, B. and Roustant, O.},
title = {{Calculations of Sobol indices for the Gaussian process metamodel}},
journal = {Reliability Engineering {\&} System Safety},
year = {2009},
volume = {94},
number = {3},
pages = {742--751},
month = mar
}




%% References for review of particle filter methods
%%%%%%%%%%%%%%%%%%%%%%%%%%%%%%%%%%%%%%%%%%%%%%%%%%%%%%%%%%%%%%%%%%
% Reviews	
@article{Bocquet2010,
	Author = {M. Bocquet and C.A. Pires and L. Wu},
	Journal = {Monthly Weather Review},
	Pages = {2997--3023},
	Title = {Beyond {G}aussian statistical modeling in geophysical data assimilation},
	Volume = 138,
	Year = 2010}
	
% SIR
@book{Doucet2001,
	editor = {A. Doucet and N. de Freitas and  N. Gordon},
	Publisher = {Springer},
	title = {Sequential {M}onte {C}arlo methods in practice},
	Year = 2001
	}

@ARTICLE{GordonSIR, 
author={N.J. Gordon and D.J. Salmond and A.F.M. Smith}, 
journal={Radar and Signal Processing, IEEE Proceedings F}, 
title={Novel approach to nonlinear/non-{G}aussian {B}ayesian state estimation }, 
year={1993}, 
volume={140}, 
number={2}, 
pages={107--113}, 
}


% Importance sampling		
@book{KalosWhitlock,
author={M.H. Kalos and P.A. Whitlock},
title={Monte Carlo methods},
publisher={John Wiley \& Sons},
edition={1},
year={1986},
volume={1},
}

@book{ChorinHald,
author={A. J. Chorin and O. H. Hald},
title={Stochastic tools in mathematics and science},
publisher={Springer},
year={2009},
edition={Second},
}


% Asymptotics of SIR
@Article{Bickel,
author={C. Snyder
and T. Bengtsson
and P.  Bickel
and J. Anderson},
title="Obstacles to High-Dimensional Particle Filtering",
journal="Monthly Weather Review",
year="2008",
publisher="American Meteorological Society",
volume="136",
number="12",
pages="4629--4640",
}
@Article{BickelBootstrap,
author={P. Bickel and T. Bengtsson and J. Anderson},
title={Sharp failure rates for the bootstrap particle filter in high dimensions.},
year="2008",
publisher="Institute of Mathematical Statistics",
journal={Pushing the Limits of Contemporary Statistics: Contributions in Honor of
Jayanta K. Ghosh},
volume="3",
pages="318--329",
}
@Article{Bickel2,
author={T. Bengtsson and P. Bickel and B. Li},
title={Curse of dimensionality revisited: the collapse of importance sampling in very large scale systems.},
year="2008",
journal={IMS Collections: Probability and Statistics: Essays in Honor of
David A. Freedman},
volume="2",
pages="316--334",
}

@Article{Snyder,
author={C. Snyder},
title={Particle filters, the ``optimal'' proposal and high-dimensional systems},
year="2011",
journal={Proceedings of the ECMWF Seminar on Data Assimilation for Atmosphere and Ocean.},
}

% Optimal importance function	
@article{Doucet,
author={A. Doucet and S. Godsill and C. Andrieu},
title={On sequential {M}onte {C}arlo sampling methods for {B}ayesian filtering},
volume={10},
pages={197--208},
journal={Statistics and Computing},
year={2000},
}

@article{OptimalImportanceFunction,
	title = "Monte {C}arlo technique in problems of optimal data processing",
	journal = "Automation and Remote Control",
	volume = "12",
	pages = "95 -- 103",
	year = "1975",
	author = "V.S. Zaritskii and L.I. Shimelevich",
}

@article{liuchen1995,
     jstor_articletype = {research-article},
     title = {Blind Deconvolution via Sequential Imputations},
     author = { J.S. Liu and R. Chen},
     journal = {Journal of the American Statistical Association},
     volume = {90},
     number = {430},
     pages = {567--576},
     year = {1995},
    }

% Filters that include observations
@article{Brad,
	Author = {B. Weare and R. N. Miller and Y.H. Spitz},
	Journal = {Bulletin of Mathematical Biology},
	Pages = {223--257},
	Title = {Implicit estimation of ecological model parameters},
	Volume = {75},
	Issue = {},
	Year = {2013}}

@article{Weare2012,
	Author = {E. Vanden-Eijnden and J. Weare},
	Journal = {Monthly Weather Review},
	Pages = {},
	Title = { Data assimilation in the low noise regime with application to the {K}uroshio},
	Volume = {accepted for publication},
	Issue = {},
	Year = {2012}}

@article{Weare2009,
	Author = {J. Weare},
	Journal = {Journal of Computational Physics},
	Pages = {4312--4331},
	Title = {Particle filtering with path sampling and an application to a bimodal ocean current model},
	Volume = {228},
	Issue = {12},
	Year = {2009}}

@article {vanLeeuwen,
author = {P.J. van Leeuwen},
title = {Nonlinear data assimilation in geosciences: an extremely efficient particle filter},
journal = {Quarterly Journal of the Royal Meteorological Society},
volume = {136},
number = {653},
pages = {1991--1999},
keywords = {data assimilation, particle filtering},
year = {2010},
}

% optimal maps
@article{Moselhy2013,
	Author = {T.A. Moselhy and Y.M. Marzouk},
	Journal = {Journal of Computational Physics},
	Pages = {288--317},
	Volume = {232},
	Title = {Bayesian inference with optimal maps},
	Year = {2013}
	}

% Implicit sampling
@article{chorintupnas,
author = {A.J. Chorin and X. Tu}, 
title = {Implicit sampling for particle filters}, 
volume = {106}, 
number = {41}, 
pages = {17249--17254}, 
journal = "Proceedings of the National Academy of Sciences",
year = {2009}, 
}

@article{chorin2010,
author = {A.J. Chorin and M. Morzfeld and X. Tu}, 
title = {Implicit particle filters for data assimilation}, 
volume = {5}, 
number = {2}, 
pages = {221--240}, 
journal = "Communications in Applied Mathematics and Computational Science",
year = {2010}, 
}

  @article{Morzfeld2011,
title = "A random map implementation of implicit filters",
journal = "Journal of Computational Physics",
volume = "231",
Issue = {4},
pages = "2049--2066",
year = "2012",
author = "M. Morzfeld and X. Tu and E. Atkins and A.J. Chorin",
}
	
@article{Morzfeld2012,
	Author = {M. Morzfeld and A.J. Chorin},
	Journal = {Nonlinear Processes in Geophysics},
	Pages = {365--382},
	Volume = {19},
	Title = {Implicit particle filtering for models with partial noise, and an application to geomagnetic data assimilation},
	Year = {2012}
	}
	
@article{Atkins2013,
	Author = {E. Atkins and M. Morzfeld and A. J. Chorin},
	Journal = {Monthly Weather Review},
	Pages = {},
	Volume = {in press},
	Title = {Implicit particle methods and their connection with variational data assimilation},
	Year = {2013}
	}
%%%%%%%%%%%%%%%%%%%%%%%%%%%%%%%%%%%%%%%%%%%%%%%%%%%%%%%%%%%%%%%
=======
@article{Higdon:2002vx,
author = {Higdon, Dave and Lee, Herbert and Bi, Zhuoxin},
title = {{A Bayesian approach to characterizing uncertainty in inverse problems using coarse and fine-scale information}},
journal = {Signal Processing, IEEE Transactions on},
year = {2002},
volume = {50},
number = {2},
pages = {389--399}
}

@article{Bal:2013tp,
author = {Bal, Guillaume and Langmore, Ian and Marzouk, Youssef},
title = {{Bayesian inverse problems with Monte Carlo forward models}},
journal = {Inv. Probl. Imaging},
year = {2013},
volume = {7},
number = {1},
pages = {81--105}
}

@article{Martin:2012vd,
author = {Martin, James and Wilcox, Lucas C and Burstedde, Carsten and Ghattas, Omar},
title = {{A stochastic Newton MCMC method for large-scale statistical inverse problems with application to seismic inversion}},
journal = {SIAM Journal on Scientific Computing},
year = {2012},
volume = {34},
number = {3},
pages = {1460--1487},
month = jan
}

@article{Efendiev:2007uw,
author = {Efendiev, Y and Hou, T and Luo, W},
title = {{Preconditioning Markov chain Monte Carlo simulations using coarse-scale models}},
journal = {SIAM Journal on Scientific Computing},
year = {2007},
volume = {28},
number = {2},
pages = {776}
}

@article{Christen:2005wp,
author = {Christen, J Andr{\'e}s and Fox, Colin},
title = {{Markov chain Monte Carlo using an approximation}},
journal = {Journal of Computational and Graphical Statistics},
year = {2005},
volume = {14},
number = {4},
pages = {795--810}
}

@article{Kaipio:2007ux,
author = {Kaipio, J and Somersalo, E},
title = {{Statistical inverse problems: discretization, model reduction and inverse crimes}},
journal = {Journal of Computational and Applied Mathematics},
year = {2007},
volume = {198},
number = {2},
pages = {493--504}
}

@book{Rasmussen:2006vz,
author = {Rasmussen, Carl Edward and Williams, Christopher K I},
title = {{Gaussian Processes for Machine Learning}},
publisher = {The MIT Press},
year = {2006}
}

@article{BuiThanh:2008gb,
author = {Bui-Thanh, T and Willcox, K and Ghattas, O},
title = {{Model Reduction for Large-Scale Systems with High-Dimensional Parametric Input Space}},
journal = {SIAM Journal on Scientific Computing},
year = {2008},
volume = {30},
number = {6},
pages = {3270--3288},
month = jan
}

@article{BuiThanh:2012tx,
author = {Bui-Thanh, T and Ghattas, O and Higdon, D},
title = {{Adaptive Hessian-based non-stationary Gaussian process response surface method for probability density approximation with application to Bayesian solution of large-scale inverse problems}},
journal = {SIAM Journal on Scientific Computing},
year = {2012},
volume = {34},
number = {6},
pages = {A2837--A2871}
}

@article{Giles:2008gc,
author = {Giles, M B},
title = {{Multilevel Monte Carlo Path Simulation}},
journal = {Operations Research},
year = {2008},
volume = {56},
number = {3},
pages = {607--617},
month = may
}

@article{Challenor:2012uv,
author = {Challenor, P},
title = {{Using emulators to estimate uncertainty in complex models}},
journal = {Uncertainty Quantification in Scientific Computing},
year = {2012},
pages = {151--164}
}


@article{Ratto:2012tf,
author = {Ratto, Marco and Castelletti, Andrea and Pagano, Andrea},
title = {{Emulation techniques for the reduction and sensitivity analysis of complex environmental models}},
journal = {Environmental Modelling and Software},
year = {2012},
volume = {34},
number = {C},
pages = {1--4},
month = jun
}

@article{Cardoso:2009jn,
author = {Cardoso, M A and Durlofsky, L J and Sarma, P},
title = {{Development and application of reduced-order modeling procedures for subsurface flow simulation}},
journal = {International Journal for Numerical Methods in Engineering},
year = {2009},
volume = {77},
number = {9},
pages = {1322--1350},
month = feb
}

@article{Cardoso:2010,
author = {Cardoso, M A and Durlofsky, L J},
title = {{Linearized reduced-order models for subsurface flow simulation}},
journal = {Journal of Computational Physics},
year = {2010},
volume = {229},
number = {3},
pages = {681--700}
}

@article{Willcox:2002uk,
author = {Willcox, K and Peraire, J},
title = {{Balanced model reduction via the proper orthogonal decomposition}},
journal = {AIAA journal},
year = {2002},
volume = {40},
number = {11},
pages = {2323--2330}
}

@article{Lieberman:2010dw,
author = {Lieberman, Chad and Willcox, Karen and Ghattas, Omar},
title = {{Parameter and state model reduction for large-scale statistical inverse problems}},
journal = {SIAM Journal on Scientific Computing},
year = {2010},
volume = {32},
number = {5},
pages = {2523}
}

@article{Prudhomme:2002ug,
author = {Prudhomme, C and Rovas, D V and Veroy, K and Machiels, L and Maday, Y and Patera, A T and Turinici, G},
title = {{Reliable real-time solution of parametrized partial differential equations: reduced-basis output bound methods}},
journal = {Journal of Fluids Engineering (Transactions of the ASME)},
year = {2002},
volume = {124},
number = {1},
pages = {70--80},
month = mar
}

@article{Quarteroni:2011jm,
author = {Quarteroni, Alfio and Rozza, Gianluigi and Manzoni, Andrea},
title = {{Certified reduced basis approximation for parametrized partial differential equations and applications}},
journal = {Journal of Mathematics in Industry},
year = {2011},
volume = {1},
number = {1},
pages = {3}
}

@article{Rewienski:2003tr,
author = {Rewienski, M and White, J},
title = {{A trajectory piecewise-linear approach to model order reduction and fast simulation of nonlinear circuits and micromachined devices}},
journal = {IEEE Transactions on Computer-Aided Design of Integrated Circuits and Systems},
year = {2003},
volume = {22},
number = {2},
pages = {155--170}
}

@article{Cybenko:1992vo,
author = {Cybenko, G},
title = {{Approximation by superpositions of a sigmoidal function}},
journal = {Mathematics of Control, Signals, and Systems (MCSS)},
year = {1992},
volume = {5},
number = {4},
pages = {455--455}
}

@article{Oladyshkin:2012ur,
author = {Oladyshkin, S and Nowak, W},
title = {{Data-driven uncertainty quantification using the arbitrary polynomial chaos expansion}},
journal = {Reliability Engineering {\&} System Safety},
year = {2012}
}





















