%% This BibTeX bibliography file was created using BibDesk.
%% http://bibdesk.sourceforge.net/


%% Created forjg


%% Saved with string encoding Unicode (UTF-8) 



@article{HouStretch,
	Author = {F. Hou and J. Goodman and D. W. Hogg and J. Weare and Ch. Schwab},
	Date-Added = {2013-05-21 20:42:32 +0000},
	Date-Modified = {2013-05-21 20:43:50 +0000},
	Journal = {Astrophysical J},
	Volume = {745},
        number = 2,
	Pages = {198},
	Title = {An Affine-Invariant Sampler for Exoplanet Fitting and Discovery in Radial Velocity Data},
	Year = {2012}}

@article{Foreman-Mackey,
	Author = {D Foreman-Mackey and J. Goodman and  D. Hogg and D. Lang},
	Date-Added = {2013-05-21 20:41:16 +0000},
	Date-Modified = {2013-05-21 20:41:52 +0000},
	Journal = {Publications of the Astronomical Society of the Pacific},
	Number = {to appear},
	Year = {2004}}

