%% This BibTeX bibliography file was created using BibDesk.
%% http://bibdesk.sourceforge.net/


%% Created for Grout, Ray at 2013-05-20 23:09:50 -0600 


%% Saved with string encoding Unicode (UTF-8) 



@incollection{Tilley,
	Author = {R. J. D. Tilley},
	Booktitle = {Encyclopedia of Inorganic Chemistry},
	Date-Added = {2013-05-21 05:08:27 +0000},
	Date-Modified = {2013-05-21 05:09:49 +0000},
	Publisher = {John Wiley \& Sons},
	Title = {Defects in Solids},
	Year = {2006}}

@article{Walsh12,
	Author = {A. Walsh and S. Chen and S.-H. Wei and X. G. Gong},
	Date-Added = {2013-05-21 03:37:54 +0000},
	Date-Modified = {2013-05-21 05:07:44 +0000},
	Journal = {Advanced Energy Materials},
	Pages = {400--409},
	Title = {Kesterite thiin-film solar cells: advances in materials modelling of Cu2ZnSnS4},
	Volume = {2},
	Year = {2012}}

@article{Koptelov84,
	Author = {E.A. Koptelov and A.A. Semyonov},
	Date-Added = {2013-05-17 14:53:55 +0000},
	Date-Modified = {2013-05-17 14:54:39 +0000},
	Journal = {Chemical Physics},
	Pages = {477--482},
	Title = {On a stochastic description of precipitation phenomena in supersaturated solutions},
	Volume = {84},
	Year = {1984}}

@article{Repins12,
	Author = {I. L. Repins and others},
	Date-Added = {2013-05-17 14:40:31 +0000},
	Date-Modified = {2013-05-17 14:41:32 +0000},
	Journal = {Solar Energy Materials and Solar Cells},
	Pages = {154},
	Title = {Co-evaporated Cu2ZnSnSe4 films and devices},
	Volume = {101},
	Year = {2012}}

@article{Todorov13,
	Author = {T. K. Todorov and others},
	Date-Added = {2013-05-17 14:39:17 +0000},
	Date-Modified = {2013-05-17 14:41:43 +0000},
	Journal = {Advanced Energy Materials},
	Pages = {34},
	Title = {Beyond 11\% Efficiency: Characteristics of State-of-the-Art Cu2ZnSn(S,Se)4 Solar Cells},
	Volume = {3},
	Year = {2013}}

@article{Flammersberger,
	Author = {Hendrik Flammersberger},
	Date-Added = {2013-05-17 05:38:40 +0000},
	Date-Modified = {2013-05-17 05:38:46 +0000},
	Title = {Experimental study of Cu2ZnSnS4 thin films for solar cells}}

@article{Shin11,
	Annote = { DOI: 10.1002/pip.1174},
	Author = {B. Shin and others},
	Date-Added = {2013-05-17 04:44:28 +0000},
	Date-Modified = {2013-05-21 05:08:08 +0000},
	Journal = {Prog. Photovolt: Res. Appl.},
	Title = {Thin film solar cell with 8.4% power conversion efficiency using earth abundant Cu2ZnSnS4 absorber},
	Year = {2011}}

@article{Wang11,
	Author = {Hongxia Wang},
	Date-Added = {2013-05-17 04:29:45 +0000},
	Date-Modified = {2013-05-17 04:30:34 +0000},
	Journal = {International Journal of Photoenergy},
	Title = {Progress in Thin Film Solar Cells Based on Cu2ZnSnS4},
	Type = {10.1155/2011/801292},
	Url = {http://dx.doi.org/10.1155/2011/801292},
	Volume = {2011},
	Year = {2011},
	Bdsk-Url-1 = {http://dx.doi.org/10.1155/2011/801292}}

@incollection{ArmaniMV11,
	Annote = {ISBN: 978-953-307-570-9},
	Author = {Nicola Armani, Samantha Mazzamuto and Lidice Vaillant-Roca},
	Booktitle = {Solar Cells - Thin-Film Technologies},
	Date-Added = {2013-05-17 04:24:24 +0000},
	Date-Modified = {2013-05-17 04:25:42 +0000},
	Editor = {Prof. Leonid A. Kosyachenko},
	Publisher = {InTech},
	Title = {Influence of Post-Deposition Thermal Treatment on the Opto-Electronic Properties of Materials for CdTe/CdS Solar Cells},
	Year = {2011}}

@article{Kolluri12,
	Author = {Kedarnath Kolluri and Michael Demkowicz},
	Date-Added = {2013-05-17 04:04:54 +0000},
	Date-Modified = {2013-05-17 14:44:27 +0000},
	Journal = {Physical Review B},
	Number = {20},
	Title = {Formation, Migration, and Clustering of Delocalized Vacancies and Interstitials at a Solid-state Semicoherent Interface},
	Volume = {85},
	Year = {2012}}

@book{JiangY13,
	Author = {Minlin Jiang and Xingzhong Yan},
	Date-Added = {2013-05-06 18:25:54 +0000},
	Date-Modified = {2013-05-06 18:26:45 +0000},
	Doi = {DOI: 10.5772/50702},
	Editor = {Prof. Arturo Morales-Acevedo},
	Publisher = {InTech},
	Title = {Cu2ZnSnS4 Thin Film Solar Cells: Present Status and Future Prospects, Solar Cells - Research and Application Perspectives},
	Year = {2013},
	Bdsk-Url-1 = {http://dx.doi.org/10.5772/50702}}
