%% This BibTeX bibliography file was created using BibDesk.
%% http://bibdesk.sourceforge.net/


%% Created for Grout, Ray at 2015-06-23 10:37:10 -0600 


%% Saved with string encoding Unicode (UTF-8) 



@article{WangS15,
	Author = {Wang, Hai and Sheen, David A},
	Date-Added = {2015-06-23 16:36:33 +0000},
	Date-Modified = {2015-06-23 16:37:09 +0000},
	Doi = {http://dx.doi.org/10.1016/j.pecs.2014.10.002},
	Journal = {Progress in Energy and Combustion Science},
	Pages = {1--31},
	Publisher = {Elsevier},
	Title = {Combustion kinetic model uncertainty quantification, propagation and minimization},
	Volume = {47},
	Year = {2015}}

@article{SheenW11,
	Author = {Sheen, David A and You, Xiaoqing and Wang, Hai and L{\o}v{\aa}s, Terese},
	Date-Added = {2015-06-23 16:34:24 +0000},
	Date-Modified = {2015-06-23 16:34:30 +0000},
	Journal = {Proceedings of the Combustion Institute},
	Number = {1},
	Pages = {535--542},
	Publisher = {Elsevier},
	Title = {Spectral uncertainty quantification, propagation and optimization of a detailed kinetic model for ethylene combustion},
	Volume = {32},
	Year = {2009}}

@article{SheenYWL09,
	Author = {Sheen, David A and You, Xiaoqing and Wang, Hai and L{\o}v{\aa}s, Terese},
	Date-Added = {2015-06-23 16:33:01 +0000},
	Date-Modified = {2015-06-23 16:33:01 +0000},
	Journal = {Proceedings of the Combustion Institute},
	Keywords = {UQ},
	Number = {1},
	Pages = {535--542},
	Publisher = {Elsevier},
	Title = {Spectral uncertainty quantification, propagation and optimization of a detailed kinetic model for ethylene combustion},
	Volume = {32},
	Year = {2009}}

@article{BramanOR13,
	Author = {Braman, Kalen and Oliver, Todd A and Raman, Venkat},
	Date-Added = {2015-06-23 16:32:56 +0000},
	Date-Modified = {2015-06-23 16:32:56 +0000},
	Journal = {Combustion Theory and Modelling},
	Keywords = {Syngas, UQ},
	Number = {5},
	Pages = {858--887},
	Publisher = {Taylor \& Francis},
	Title = {Bayesian analysis of syngas chemistry models},
	Volume = {17},
	Year = {2013}}
