%% This BibTeX bibliography file was created using BibDesk.
%% http://bibdesk.sourceforge.net/


%% Created for Grout, Ray at 2015-06-25 20:59:16 -0600 


%% Saved with string encoding Unicode (UTF-8) 



@article{FernandesLTU08,
	Author = {R.X. Fernandes and K. Luther and  J. Troe andV.G. Ushakov},
	Date-Added = {2015-06-26 02:58:51 +0000},
	Date-Modified = {2015-06-26 02:59:10 +0000},
	Journal = {Phys. Chem. Chem. Phys},
	Number = {29},
	Pages = {4313--4321},
	Volume = {10},
	Year = {2008}}

@article{MittalSY06,
	Author = {G. Mittal and C.J. Sung and R.A. Yetter},
	Date-Added = {2015-06-26 02:44:34 +0000},
	Date-Modified = {2015-06-26 02:44:53 +0000},
	Journal = {Int. J. Chem. Kinet},
	Number = {8},
	Pages = {516--529},
	Volume = {38},
	Year = {2006}}

@article{RanziFGF05,
	Author = {E. Ranzi and A. Frassoldati and S. Granata and T. Faravelli},
	Date-Added = {2015-06-26 02:28:58 +0000},
	Date-Modified = {2015-06-26 02:29:35 +0000},
	Journal = {Ind Eng Chem Res},
	Number = {14},
	Pages = {5170--5183},
	Volume = {44},
	Year = {2005}}

@misc{Konnov00,
	Author = {A.A. Konnov},
	Date-Added = {2015-06-25 22:24:16 +0000},
	Date-Modified = {2015-06-26 02:25:58 +0000},
	Howpublished = {\url{http://homepages.vub.ac.be/~akonnov/}},
	Title = {Detailed reaction mechanism for small hydrocarbons combustion, Release 0.5},
	Year = {2000}}

@article{Konnov04,
	Author = {A.A. Konnov},
	Date-Added = {2015-06-25 22:23:46 +0000},
	Date-Modified = {2015-06-25 22:24:09 +0000},
	Journal = {Khim. Fiz},
	Number = {8},
	Pages = {5--18},
	Volume = {23},
	Year = {2004}}

@article{PetrovaW06,
	Author = {M.V. Petrova and F.A. Williams},
	Date-Added = {2015-06-25 22:18:55 +0000},
	Date-Modified = {2015-06-25 22:21:47 +0000},
	Journal = {Combustion and Flame},
	Number = {3},
	Pages = {526--544},
	Title = {A small detailed chemical-kinetic mechanism for hydrocarbon combustion},
	Volume = {144},
	Year = {2006}}

@article{YetterDR91,
	Author = {R. A. Yetter and F.L. Drywer and H. Rabitz},
	Date-Added = {2015-06-25 22:17:49 +0000},
	Date-Modified = {2015-06-25 22:18:22 +0000},
	Journal = {Combustion Science and Technology},
	Pages = {97},
	Volume = {79},
	Year = {1991}}

@article{BalakrishnanW94,
	Author = {G. Balakrishnan and F.A. Williams},
	Date-Added = {2015-06-25 22:09:21 +0000},
	Date-Modified = {2015-06-25 22:09:50 +0000},
	Journal = {Journal of Propulsion and Power},
	Pages = {434--437},
	Volume = {10},
	Year = {1994}}

@article{BalakrishnanTW94,
	Author = {G. Balakrishnan and D. Trees and F.A. Williams},
	Date-Added = {2015-06-25 22:08:34 +0000},
	Date-Modified = {2015-06-25 22:09:07 +0000},
	Journal = {Combustion and Flame},
	Pages = {123--126},
	Volume = {98},
	Year = {1994}}

@article{XieHH96,
	Author = {L Xie and S Hayashi and K Hirose},
	Date-Added = {2015-06-25 16:09:04 +0000},
	Date-Modified = {2015-06-25 16:09:32 +0000},
	Journal = {Proceedings of the Combustion Institute},
	Pages = {2155},
	Volume = {26},
	Year = {1996}}

@article{HarringtonSBNJC96,
	Author = {JE Harrington and GP Smith and PA Berg and AR Nobel and JB Jeffries and DR Crosley},
	Date-Added = {2015-06-25 16:07:59 +0000},
	Date-Modified = {2015-06-25 16:09:00 +0000},
	Journal = {Proceedings of the Combustion Institute},
	Pages = {2133},
	Volume = {26},
	Year = {1996}}

@book{PetersR93,
	Address = {Berlin},
	Date-Added = {2015-06-25 15:54:17 +0000},
	Date-Modified = {2015-06-25 15:54:51 +0000},
	Publisher = {Springer},
	Title = {Reduced kinetic mechanisms for applications in combustion systems},
	Year = {1993}}

@article{Keromnes_Many_Curran13,
	Author = {K{\'e}romn{\`e}s, Alan and Metcalfe, Wayne K and Heufer, Karl A and Donohoe, Nicola and Das, Apurba K and Sung, Chih-Jen and Herzler, J{\"u}rgen and Naumann, Clemens and Griebel, Peter and Mathieu, Olivier and others},
	Date-Added = {2015-06-23 17:43:57 +0000},
	Date-Modified = {2015-06-23 17:44:25 +0000},
	Doi = {dx.doi.org/10.1016/j.combustflame.2013.01.001},
	Journal = {Combustion and Flame},
	Number = {6},
	Pages = {995--1011},
	Publisher = {Elsevier},
	Title = {An experimental and detailed chemical kinetic modeling study of hydrogen and syngas mixture oxidation at elevated pressures},
	Volume = {160},
	Year = {2013},
	Bdsk-Url-1 = {http://dx.doi.org/10.1016/j.combustflame.2013.01.001}}

@article{HermannsKBG07,
	Author = {Hermanns, RTE and Konnov, AA and Bastiaans, RJM and De Goey, LPH},
	Date-Added = {2015-06-23 17:35:50 +0000},
	Date-Modified = {2015-06-23 17:36:00 +0000},
	Journal = {Energy \& fuels},
	Number = {4},
	Pages = {1977--1981},
	Publisher = {ACS Publications},
	Title = {Laminar burning velocities of diluted hydrogen-oxygen-nitrogen mixtures},
	Volume = {21},
	Year = {2007}}

@article{Baulch_many_Warnatz94,
	Author = {Baulch, DL and Cobos, CJ and Cox, RA and Frank, P and Hayman, G and Just, Th and Kerr, JA and Murrells, T and Pilling, MJ and Troe, J and others},
	Date-Added = {2015-06-23 17:33:39 +0000},
	Date-Modified = {2015-06-23 17:33:52 +0000},
	Journal = {Combustion and flame},
	Number = {1},
	Pages = {59--79},
	Publisher = {Elsevier},
	Title = {Summary table of evaluated kinetic data for combustion modeling: Supplement 1},
	Volume = {98},
	Year = {1994}}

@article{KwonF01,
	Author = {Kwon, OC and Faeth, GM},
	Date-Added = {2015-06-23 17:26:31 +0000},
	Date-Modified = {2015-06-23 17:26:41 +0000},
	Journal = {Combustion and Flame},
	Number = {4},
	Pages = {590--610},
	Publisher = {Elsevier},
	Title = {Flame/stretch interactions of premixed hydrogen-fueled flames: measurements and predictions},
	Volume = {124},
	Year = {2001}}

@article{TseZL00,
	Author = {Tse, SD and Zhu, DL and Law, CK},
	Date-Added = {2015-06-23 17:18:08 +0000},
	Date-Modified = {2015-06-23 17:18:15 +0000},
	Journal = {Proceedings of the Combustion Institute},
	Keywords = {H2},
	Number = {2},
	Pages = {1793--1800},
	Publisher = {Elsevier},
	Title = {Morphology and burning rates of expanding spherical flames in H 2/O 2/inert mixtures up to 60 atmospheres},
	Volume = {28},
	Year = {2000}}

@article{FrassoldatiFR06,
	Author = {Frassoldati, A and Faravelli, T and Ranzi, E},
	Date-Added = {2015-06-23 17:16:29 +0000},
	Date-Modified = {2015-06-23 17:16:47 +0000},
	Journal = {International Journal of Hydrogen Energy},
	Keywords = {H2},
	Number = {15},
	Pages = {2310--2328},
	Publisher = {Elsevier},
	Title = {A wide range modeling study of NOx formation and nitrogen chemistry in hydrogen combustion},
	Volume = {31},
	Year = {2006}}

@article{WangR93,
	Author = {Wang, W and Rogg, B},
	Date-Added = {2015-06-23 17:15:10 +0000},
	Date-Modified = {2015-06-23 17:15:19 +0000},
	Journal = {Combustion and flame},
	Keywords = {Syngas},
	Number = {3},
	Pages = {271--292},
	Publisher = {Elsevier},
	Title = {Reduced kinetic mechanisms and their numerical treatment I: Wet CO flames},
	Volume = {94},
	Year = {1993}}

@inproceedings{KimYD94,
	Author = {Kim, Tae J and Yetter, Richard A and Dryer, Frederick L},
	Booktitle = {Symposium (international) on combustion},
	Date-Added = {2015-06-23 17:14:17 +0000},
	Date-Modified = {2015-06-23 17:15:08 +0000},
	Keywords = {Syngas},
	Number = {1},
	Organization = {Elsevier},
	Pages = {759--766},
	Title = {New results on moist CO oxidation: high pressure, high temperature experiments and comprehensive kinetic modeling},
	Volume = {25},
	Year = {1994}}

@article{AungHF98,
	Author = {Aung, KT and Hassan, MI and Faeth, GM},
	Date-Added = {2015-06-23 17:08:26 +0000},
	Date-Modified = {2015-06-23 17:09:41 +0000},
	Doi = {10.1016/S0010-2180(97)81753-1},
	Journal = {Combustion and flame},
	Number = {1},
	Pages = {1--15},
	Publisher = {Elsevier},
	Title = {Effects of pressure and nitrogen dilution on flame/stretch interactions of laminar premixed H 2/O 2/N 2 flames},
	Volume = {112},
	Year = {1998},
	Bdsk-Url-1 = {http://dx.doi.org/10.1016/S0010-2180(97)81753-1}}

@article{AungHF97,
	Author = {Aung, KT and Hassan, MI and Faeth, GM},
	Date-Added = {2015-06-23 17:07:48 +0000},
	Date-Modified = {2015-06-23 17:07:58 +0000},
	Journal = {Combustion and flame},
	Number = {1},
	Pages = {1--24},
	Publisher = {Elsevier},
	Title = {Flame stretch interactions of laminar premixed hydrogen/air flames at normal temperature and pressure},
	Volume = {109},
	Year = {1997}}

@article{TsangH86,
	Author = {Tsang, W and Hampson, RF},
	Date-Added = {2015-06-23 16:54:10 +0000},
	Date-Modified = {2015-06-23 16:54:15 +0000},
	Journal = {Journal of Physical and Chemical Reference Data},
	Number = {3},
	Pages = {1087--1279},
	Publisher = {AIP Publishing},
	Title = {Chemical kinetic data base for combustion chemistry. Part I. Methane and related compounds},
	Volume = {15},
	Year = {1986}}

@article{MuellerKYD99,
	Author = {Mueller, MA and Kim, TJ and Yetter, RA and Dryer, FL},
	Date-Added = {2015-06-23 16:51:42 +0000},
	Date-Modified = {2015-06-23 16:52:39 +0000},
	Journal = {International Journal of Chemical Kinetics},
	Number = {2},
	Pages = {113--125},
	Publisher = {Wiley Online Library},
	Title = {Flow reactor studies and kinetic modeling of the H2/O2 reaction},
	Volume = {31},
	Year = {1999}}

@article{GoswamiBKG14,
	Author = {Goswami, Mayuri and Bastiaans, RJM and Konnov, AA and de Goey, LPH},
	Date-Added = {2015-06-23 16:47:08 +0000},
	Date-Modified = {2015-06-23 16:47:22 +0000},
	Journal = {International Journal of Hydrogen Energy},
	Keywords = {Syngas},
	Number = {3},
	Pages = {1485--1498},
	Publisher = {Elsevier},
	Title = {Laminar burning velocity of lean H 2--CO mixtures at elevated pressure using the heat flux method},
	Volume = {39},
	Year = {2014}}

@article{GoswamiVKBG08,
	Author = {Goswami, Mayuri and Volkov, Evgeniy N and Konnov, Alexander A and Bastiaans, RJM and de Goey, LPH},
	Date-Added = {2015-06-23 16:45:51 +0000},
	Date-Modified = {2015-06-23 16:47:11 +0000},
	Journal = {Technische Universiteit Eindhoven, Eindhoven, The Netherlands, Technical Report},
	Keywords = {H2},
	Title = {Updated kinetic mechanism for NOx prediction and hydrogen combustion},
	Year = {2008}}

@article{LiYWL15,
	Author = {Li, Xiaoyu and You, Xiaoqing and Wu, Fujia and Law, Chung K},
	Date-Added = {2015-06-23 16:29:53 +0000},
	Date-Modified = {2015-06-23 16:41:23 +0000},
	Doi = {10.1016/j.proci.2014.07.047},
	Journal = {Proceedings of the Combustion Institute},
	Keywords = {Syngas},
	Number = {1},
	Pages = {617--624},
	Publisher = {Elsevier},
	Title = {Uncertainty analysis of the kinetic model prediction for high-pressure H 2/CO combustion},
	Volume = {35},
	Year = {2015},
	Bdsk-Url-1 = {http://dx.doi.org/10.1016/j.proci.2014.07.047}}

@article{StrohleM07,
	Author = {Str{\"o}hle, Jochen and Myhrvold, Tore},
	Date-Added = {2015-06-23 16:28:28 +0000},
	Date-Modified = {2015-06-23 16:42:55 +0000},
	Doi = {10.1016/j.ijhydene.2006.04.005},
	Journal = {International Journal of Hydrogen Energy},
	Keywords = {H2},
	Number = {1},
	Pages = {125--135},
	Publisher = {Elsevier},
	Title = {An evaluation of detailed reaction mechanisms for hydrogen combustion under gas turbine conditions},
	Volume = {32},
	Year = {2007},
	Bdsk-Url-1 = {http://dx.doi.org/10.1016/j.ijhydene.2006.04.005}}

@article{SaxenaW06,
	Author = {Saxena, Priyank and Williams, Forman A},
	Date-Added = {2015-06-23 16:27:45 +0000},
	Date-Modified = {2015-06-23 16:42:35 +0000},
	Doi = {10.1016/j.combustflame.2005.10.004},
	Journal = {Combustion and Flame},
	Keywords = {Syngas},
	Number = {1},
	Pages = {316--323},
	Publisher = {Elsevier},
	Title = {Testing a small detailed chemical-kinetic mechanism for the combustion of hydrogen and carbon monoxide},
	Volume = {145},
	Year = {2006},
	Bdsk-Url-1 = {http://dx.doi.org/10.1016/j.combustflame.2005.10.004}}

@article{LiZKCDS07,
	Author = {Li, Juan and Zhao, Zhenwei and Kazakov, Andrei and Chaos, Marcos and Dryer, Frederick L and Scire, James J},
	Date-Added = {2015-06-23 16:27:06 +0000},
	Date-Modified = {2015-06-23 16:41:47 +0000},
	Doi = {10.1002/kin.20218},
	Journal = {International Journal of Chemical Kinetics},
	Keywords = {Syngas},
	Number = {3},
	Pages = {109--136},
	Publisher = {Wiley Online Library},
	Title = {A comprehensive kinetic mechanism for CO, CH2O, and CH3OH combustion},
	Volume = {39},
	Year = {2007},
	Bdsk-Url-1 = {http://dx.doi.org/10.1002/kin.20218}}

@article{SunYJL07,
	Author = {Sun, Hongyan and Yang, SI and Jomaas, Grunde and Law, CK},
	Date-Added = {2015-06-23 16:25:31 +0000},
	Date-Modified = {2015-06-23 16:25:52 +0000},
	Journal = {Proceedings of the Combustion Institute},
	Keywords = {Syngas},
	Number = {1},
	Pages = {439--446},
	Publisher = {Elsevier},
	Title = {High-pressure laminar flame speeds and kinetic modeling of carbon monoxide/hydrogen combustion},
	Volume = {31},
	Year = {2007}}

@article{LiZKD04,
	Author = {Li, Juan and Zhao, Zhenwei and Kazakov, Andrei and Dryer, Frederick L},
	Date-Added = {2015-06-23 16:24:23 +0000},
	Date-Modified = {2015-06-23 16:42:15 +0000},
	Doi = {10.1002/kin.20026},
	Journal = {International journal of chemical kinetics},
	Keywords = {H2},
	Number = {10},
	Pages = {566--575},
	Publisher = {Wiley Online Library},
	Title = {An updated comprehensive kinetic model of hydrogen combustion},
	Volume = {36},
	Year = {2004},
	Bdsk-Url-1 = {http://dx.doi.org/10.1002/kin.20026}}

@article{Konnov08,
	Author = {Konnov, Alexander A},
	Date-Added = {2015-06-23 16:23:02 +0000},
	Date-Modified = {2015-06-23 16:41:00 +0000},
	Doi = {10.1016/j.combustflame.2007.10.024},
	Journal = {Combustion and flame},
	Keywords = {H2},
	Number = {4},
	Pages = {507--528},
	Publisher = {Elsevier},
	Title = {Remaining uncertainties in the kinetic mechanism of hydrogen combustion},
	Volume = {152},
	Year = {2008},
	Bdsk-Url-1 = {http://dx.doi.org/10.1016/j.combustflame.2007.10.024}}

@article{HongDH11,
	Author = {Hong, Zekai and Davidson, David F and Hanson, Ronald K},
	Date-Added = {2015-06-23 16:22:26 +0000},
	Date-Modified = {2015-06-23 16:40:39 +0000},
	Doi = {10.1016/j.combustflame.2010.10.002},
	Journal = {Combustion and Flame},
	Keywords = {H2},
	Number = {4},
	Pages = {633--644},
	Publisher = {Elsevier},
	Title = {An improved H 2/O 2 mechanism based on recent shock tube/laser absorption measurements},
	Volume = {158},
	Year = {2011},
	Bdsk-Url-1 = {http://dx.doi.org/10.1016/j.combustflame.2010.10.002}}

@article{DavisJWE05,
	Author = {Davis, Scott G and Joshi, Ameya V and Wang, Hai and Egolfopoulos, Fokion},
	Date-Added = {2015-06-23 16:21:43 +0000},
	Date-Modified = {2015-06-23 16:40:06 +0000},
	Doi = {10.1016/j.proci.2004.08.252},
	Journal = {Proceedings of the Combustion Institute},
	Keywords = {Syngas},
	Number = {1},
	Pages = {1283--1292},
	Publisher = {Elsevier},
	Title = {An optimized kinetic model of H 2/CO combustion},
	Volume = {30},
	Year = {2005},
	Bdsk-Url-1 = {http://dx.doi.org/10.1016/j.proci.2004.08.252}}

@article{ConaireCSPW04,
	Author = {{\'O} Conaire, Marcus and Curran, Henry J and Simmie, John M and Pitz, William J and Westbrook, Charles K},
	Date-Added = {2015-06-23 16:21:05 +0000},
	Date-Modified = {2015-06-25 22:05:10 +0000},
	Doi = {10.1002/kin.20036},
	Journal = {International journal of chemical kinetics},
	Keywords = {H2},
	Number = {11},
	Pages = {603--622},
	Publisher = {Wiley Online Library},
	Title = {A comprehensive modeling study of hydrogen oxidation},
	Volume = {36},
	Year = {2004},
	Bdsk-Url-1 = {http://dx.doi.org/10.1002/kin.20036}}

@article{BurkeDJ11,
	Author = {Burke, Michael P and Dryer, Frederick L and Ju, Yiguang},
	Date-Added = {2015-06-23 16:20:12 +0000},
	Date-Modified = {2015-06-23 16:39:14 +0000},
	Doi = {10.1016/j.proci.2010.05.021},
	Journal = {Proceedings of the Combustion Institute},
	Keywords = {H2},
	Number = {1},
	Pages = {905--912},
	Publisher = {Elsevier},
	Title = {Assessment of kinetic modeling for lean H 2/CH 4/O 2/diluent flames at high pressures},
	Volume = {33},
	Year = {2011},
	Bdsk-Url-1 = {http://dx.doi.org/10.1016/j.proci.2010.05.021}}

@article{BurkeCJDK12,
	Author = {Burke, Michael P and Chaos, Marcos and Ju, Yiguang and Dryer, Frederick L and Klippenstein, Stephen J},
	Date-Added = {2015-06-23 16:19:15 +0000},
	Date-Modified = {2015-06-23 17:41:51 +0000},
	Doi = {10.1002/kin.20603},
	Journal = {International Journal of Chemical Kinetics},
	Keywords = {H2},
	Number = {7},
	Pages = {444--474},
	Publisher = {Wiley Online Library},
	Title = {Comprehensive H2/O2 kinetic model for high-pressure combustion},
	Volume = {44},
	Year = {2012},
	Bdsk-Url-1 = {http://dx.doi.org/10.1002/kin.20603}}

@article{BurkeCDJ10,
	Author = {Burke, Michael P and Chaos, Marcos and Dryer, Frederick L and Ju, Yiguang},
	Date-Added = {2015-06-23 15:48:39 +0000},
	Date-Modified = {2015-06-23 16:38:30 +0000},
	Doi = {doi:10.1016/j.combustflame.2009.08.009},
	Journal = {Combustion and Flame},
	Keywords = {Syngas},
	Number = {4},
	Pages = {618--631},
	Publisher = {Elsevier},
	Title = {Negative pressure dependence of mass burning rates of H 2/CO/O 2/diluent flames at low flame temperatures},
	Volume = {157},
	Year = {2010},
	Bdsk-Url-1 = {http://dx.doi.org/10.1016/j.combustflame.2009.08.009}}

@article{BramanOR13,
	Author = {Braman, Kalen and Oliver, Todd A and Raman, Venkat},
	Date-Added = {2015-06-23 15:48:00 +0000},
	Date-Modified = {2015-06-23 16:38:13 +0000},
	Doi = {http://dx.doi.org/10.1080/13647830.2013.811541},
	Journal = {Combustion Theory and Modelling},
	Keywords = {Syngas, UQ},
	Number = {5},
	Pages = {858--887},
	Publisher = {Taylor \& Francis},
	Title = {Bayesian analysis of syngas chemistry models},
	Volume = {17},
	Year = {2013},
	Bdsk-Url-1 = {http://dx.doi.org/10.1080/13647830.2013.811541}}

@article{YouPF11,
	Author = {You, Xiaoqing and Packard, Andrew and Frenklach, Michael},
	Date-Modified = {2015-06-23 16:29:01 +0000},
	Doi = {10.1002/kin.20627},
	Issn = {1097-4601},
	Journal = {International Journal of Chemical Kinetics},
	Keywords = {H2},
	Number = {2},
	Pages = {101--116},
	Publisher = {Wiley Subscription Services, Inc., A Wiley Company},
	Title = {Process informatics tools for predictive modeling: Hydrogen combustion},
	Url = {http://dx.doi.org/10.1002/kin.20627},
	Volume = {44},
	Year = {2012},
	Bdsk-Url-1 = {http://dx.doi.org/10.1002/kin.20627}}
