@article{Kim-etal:2011,
   title =  {Multi-Domain Modeling of Lithium-Ion Batteries Encompassing
Multi-Physics in Varied Length Scales},
   author = {G. -H. Kim and K. Smith and K. -J. Lee and S. Santhanagopalan
and A. Pesaran},
   journal = {Journal of The Electrochemical Society},
   year =  2011,
   volume = 158,
   pages = {A955-A969}
}

@article{Subramanian:2009,
   title =  {Mathematical Model Reformulation for Lithium-Ion Battery Simulations: Galvanostatic Boundary Conditions},
   author = {V. R. Subramanian, V. Boovaragavan, 
   	V. Ramadesigan and M. Arabandi},
   journal = {Journal of The Electrochemical Society},
   year =  2009,
   volume = 156,
   pages = {A260-A271}
}

