
@incollection {Kseib2011,
author = {Kseib, N. and Urzay, J. and Iaccarino, G.},
title = {Statistical inference of uncertainties in elementary reaction rates of chemical mechanisms},
booktitle = {2011 Annual Research Briefs},
year = {},
editor = {},
pages = {161},
organization = {},
publisher = {Center for Turbulence Research},
address = {Stanford University},
month = {},
}

@incollection {Urzay2012,
author = {Urzay, J. and Kseib, N. and Constantine, P. G. and Davidson, D. F. and Iaccarino, G.},
title = {Uncertainty-quantifying models for chemical-kinetic rates},
booktitle = {2012 Annual Research Briefs},
year = {},
editor = {},
pages = {3},
organization = {},
publisher = {Center for Turbulence Research},
address = {Stanford University},
month = {},
}

@article{SheenWang2011,
	Author = {Sheen, D. A. and Wang, H.},
	Journal = {Combust.\ Flame},
	Pages = {2358--2374},
	Title = {The method of uncertainty quantification and minimization using polynomial chaos expansions},
	Volume = {158},
	Year = {2011}}

@techreport {FrenklachWang1995,
author = {M. Frenklach and H. Wang and M. Goldenberg and G. P. Smith and D. M. Golden and C. T. Bowman and R. K. Hanson and W. C. Gardiner and V
. Lissianski},
title = {{GRI-Mech}---An Optimized Detailed Chemical Reaction Mechanism for Methane Combustion},
institution = {Gas Research Institute},
number = {GRI-95/0058},
year = {1995},
note = {\url{http://www.me.berkeley.edu/gri_mech/}}
}

@article{Davis2005,
	Author = {Davis, S. G. and Joshi, A. V. and Wang, H. and Egolfopoulous, F. N.},
	Journal = {Proc.\ Combust.\ Inst.},
	Pages = {1283--1292},
	Title = {{An optimized kinetic model of H2/CO combustion}},
	Volume = {30},
	Year = {2005}}

@article{Qin2000,
	Author = {Qin, Z. W. and Lissianski, V. V. and Yang, H. X. and Gardiner, W. C. and Davis, S. G. and Wang, H.},
	Journal = {Proc.\ Combust.\ Inst.},
	Pages = {1663--1669},
	Title = {{Combustion chemistry of propane: A case study of detailed reaction mechanism optimization}},
	Volume = {28},
	Year = {2000}}
